%  a sample bibliography file
%  

@article{small,
author = {Freely, I.P.},
title = {A small paper},
journal = {The journal of small papers},
year = 1997,
volume = {-1},
note = {to appear},
}

@article{big,
author = {Jass, Hugh},
title = {A big paper},
journal = {The journal of big papers},
year = 7991,
volume = {MCMXCVII},
}

@book{herstein_winter_1989,
title={Matrix theory and linear algebra},
publisher={Macmillan Publishing Company},
author={Herstein, Israel Nathan and Winter, David J},
year={1989}
}

@book{meyer2000matrix,
  title={Matrix analysis and applied linear algebra},
  author={Meyer, Carl D},
  volume={71},
  year={2000},
  publisher={Siam}
}

@inproceedings{deng2002prediction,
  title={Prediction of protein function using protein-protein interaction data},
  author={Deng, Minghua and Zhang, Kui and Mehta, Shipra and Chen, Ting and Sun, Fengzhu},
  booktitle={Proceedings. IEEE Computer Society Bioinformatics Conference},
  pages={197--206},
  year={2002},
  organization={IEEE}
}

@article{cowen2017network,
  title={Network propagation: a universal amplifier of genetic associations},
  author={Cowen, Lenore and Ideker, Trey and Raphael, Benjamin J and Sharan, Roded},
  journal={Nature Reviews Genetics},
  volume={18},
  number={9},
  pages={551},
  year={2017},
  publisher={Nature Publishing Group}
}

@book{goodfellow2016deep,
  title={Deep learning},
  author={Goodfellow, Ian and Bengio, Yoshua and Courville, Aaron},
  year={2016},
  publisher={MIT press}
}

@book{bishop1669pattern,
  title={Pattern Recognition and Machine Learning. 2006, isbn: 978-0-387-31073-2},
  author={Bishop, CM},
  journal={arXiv preprint arXiv:1011.1669}
}

@book{lawler2010random,
  title={Random walk and the heat equation},
  author={Lawler, Gregory F},
  volume={55},
  year={2010},
  publisher={American Mathematical Soc.}
}

@incollection{vandin2012discovery,
  title={Discovery of mutated subnetworks associated with clinical data in cancer},
  author={Vandin, Fabio and Clay, Patrick and Upfal, Eli and Raphael, Benjamin J},
  booktitle={Biocomputing 2012},
  pages={55--66},
  year={2012},
  publisher={World Scientific}
}

@article{leiserson2015pan,
  title={Pan-cancer network analysis identifies combinations of rare somatic mutations across pathways and protein complexes},
  author={Leiserson, Mark DM and Vandin, Fabio and Wu, Hsin-Ta and Dobson, Jason R and Eldridge, Jonathan V and Thomas, Jacob L and Papoutsaki, Alexandra and Kim, Younhun and Niu, Beifang and McLellan, Michael and others},
  journal={Nature genetics},
  volume={47},
  number={2},
  pages={106--114},
  year={2015},
  publisher={Nature Publishing Group}
}



%@Book{bear2016neuroscience,
 author = {Bear, Mark},
 title = {Neuroscience : exploring the brain},
 publisher = {Wolters Kluwer},
 year = {2016},
 address = {Philadelphia},
 isbn = {978-0-7817-7817-6}
}

%@Book{purves2018neuroscience,
 author = {Purves, Dale},
 title = {Neuroscience},
 publisher = {Oxford University Press},
 year = {2018},
 address = {New York},
 isbn = {9781605353807}
}

%@unpublished{lecture:3,
	author	= {Mathias F. Wernet},
	title	= {Sinnenphyiologie (Lecture Slides)},
	note	= "",
}

%@unpublished{skript:3,
	author	= {unnamed},
	title	= {Skript zum Versuch 3},
	note	= "",
}

%@article{mechrez,
author = {Iheanacho F and Vellipuram AR},
title = {{Physiology, Mechanoreceptors}},
note = {{[Updated 2019 Apr 25]. In: StatPearls [Internet]. 
Treasure Island (FL): StatPearls Publishing; 
2019 Jan-. Available from:
https://www.ncbi.nlm.nih.gov/books/NBK541068/}}
}

@article{wombat2016,
	author   = {Walther Wombat and Klaus Koala},
	title    = {The true meaning of 42},
	journal  = {Journal of modern skepticism},
	date     = {2016},
	keywords = {trusted},
}
@book{lion2010,
	author       = {Laura Lion and  Gabrielle Giraffe and Carl Capybara},
	title        = {The dangers of asking the wrong question},
	publisher    = {publishing house},
	date         = {2010},
	keywords     = {trusted},
}
@online{wikibook,
	title        = {Generating Bibliographies with biblatex and biber},
	organization = {Wikibooks},
	date         = {2016},
	urldate      = {2016-03-07},
	url          = {https://en.wikibooks.org/wiki/LaTeX/Generating_Bibliographies_with_biblatex_and_biber},
	keywords     = {untrusted},
}

@article{girvan2002community,
  title={Community structure in social and biological networks},
  author={Girvan, Michelle and Newman, Mark EJ},
  journal={Proceedings of the national academy of sciences},
  volume={99},
  number={12},
  pages={7821--7826},
  year={2002},
  publisher={National Acad Sciences}
}

@article{newman2006modularity,
  title={Modularity and community structure in networks},
  author={Newman, Mark EJ},
  journal={Proceedings of the national academy of sciences},
  volume={103},
  number={23},
  pages={8577--8582},
  year={2006},
  publisher={National Acad Sciences}
}
